<?xml version="1.0" encoding="UTF-8"?><collection xmlns="http://www.loc.gov/MARC21/slim"><record><leader>00466nam--2200181-u-4500</leader><controlfield tag="001">000053703</controlfield><controlfield tag="002">20161230</controlfield><controlfield tag="005">20161230201051</controlfield><controlfield tag="008">110524s1000------------r-----000-0-eng-d</controlfield><datafield ind1=" " ind2=" " tag="020"><subfield code="a">0070306303</subfield></datafield><datafield ind1=" " ind2=" " tag="040"><subfield code="a">IFIN-HH</subfield></datafield><datafield ind1=" " ind2=" " tag="080"><subfield code="a">536.7(07)</subfield></datafield><datafield ind1="1" ind2=" " tag="100"><subfield code="a">Hsieh, Jui Sheng</subfield></datafield><datafield ind1="1" ind2="0" tag="245"><subfield code="a">Principles of thermodynamics</subfield><subfield code="c">Jui sheng hsieh</subfield></datafield><datafield ind1=" " ind2=" " tag="260"><subfield code="a">New York</subfield><subfield code="b">Mcgraw-hill Book Company</subfield><subfield code="c">1975</subfield></datafield><datafield ind1=" " ind2=" " tag="300"><subfield code="a">512P</subfield></datafield><datafield ind1=" " ind2=" " tag="852"><subfield code="a">43212</subfield><subfield code="c">536.7</subfield></datafield><datafield ind1=" " ind2=" " tag="CAT"><subfield code="a">Sys</subfield><subfield code="c">20110524</subfield><subfield code="h">142429</subfield></datafield></record></collection>